% Encoding: UTF-8

@Misc{Ionita2019,
  author = {Cosmin Ionita},
  month  = apr,
  title  = {Makima Piecewise Cubic Interpolation},
  year   = {2019},
  editor = {Cleve Moler},
  groups = {Interpolation},
  url    = {https://blogs.mathworks.com/cleve/2019/04/29/makima-piecewise-cubic-interpolation/},
}

@Book{Fasshauer2007a,
  author    = {Fasshauer, Gregory E.},
  publisher = {World Scientific Publishing Co. Pte. Ltd.},
  title     = {Meshfree Approximation Methods with {MATLAB}},
  year      = {2007},
  address   = {Singapore},
  isbn      = {9812706348},
  month     = jun,
  ean       = {9789812706348},
  groups    = {Smoothing, Interpolation},
  pagetotal = {520},
}

@Article{Allison1993,
  author    = {John Allison},
  title     = {Multiquadric radial basis functions for representing multidimensional high energy physics data},
  doi       = {10.1016/0010-4655(93)90184-e},
  number    = {3},
  pages     = {377--395},
  volume    = {77},
  groups    = {Multivariate Smoothing, Scattered Data Smoothing, RBF Smoothing, Nonparametric Density Estimation, Multivariate Density Estimation},
  journal   = {Computer Physics Communications},
  month     = {nov},
  publisher = {Elsevier {BV}},
  year      = {1993},
}

@Article{OBrien2016,
  author    = {Travis A. O'Brien and Karthik Kashinath and Nicholas R. Cavanaugh and William D. Collins and John P. O'Brien},
  title     = {A fast and objective multidimensional kernel density estimation method: {fastKDE}},
  journal   = {Computational Statistics {\&} Data Analysis},
  year      = {2016},
  volume    = {101},
  month     = {sep},
  pages     = {148--160},
  doi       = {10.1016/j.csda.2016.02.014},
  groups    = {Density Estimation},
  publisher = {Elsevier {BV}},
}

@InProceedings{Dugas2001,
  author    = {Dugas, Charles and Bengio, Yoshua and B\'{e}lisle, Fran\c{c}ois and Nadeau, Claude and Garcia, Ren\'{e}},
  booktitle = {Advances in Neural Information Processing Systems},
  title     = {Incorporating Second-Order Functional Knowledge for Better Option Pricing},
  year      = {2001},
  editor    = {T. Leen and T. Dietterich and V. Tresp},
  publisher = {MIT Press},
  volume    = {13},
  url       = {https://proceedings.neurips.cc/paper/2000/file/44968aece94f667e4095002d140b5896-Paper.pdf},
}

@Comment{jabref-meta: databaseType:bibtex;}
